@article{huang2013development,
  title={Development and test of aquacultural water quality monitoring system based on wireless sensor network},
  author={Huang, Jianqing and Wang, Weixing and Jiang, Sheng and Sun, Daozong and Ou, Guocheng and Lu, Kanju},
  journal={Transactions of the Chinese society of agricultural engineering},
  volume={29},
  number={4},
  pages={183--190},
  year={2013},
  publisher={Editorial Office of Transactions of the Chinese Society of Agricultural~…}
}

@article{jiang2013energy,
  title={Energy-efficient automatic monitoring system of aquaculture based on WSN},
  author={Jiang, Jianming and Shi, Guodong and Li, Zhengming and Shi, Bing and Huan, Juan},
  journal={Transactions of the Chinese Society of Agricultural Engineering},
  volume={29},
  number={13},
  pages={166--174},
  year={2013},
  publisher={Editorial Office of Transactions of the Chinese Society of Agricultural~…}
}